@book{Apostol1976,
    title={Introduction to Analytic Number Theory},
    author={Tom M. Apostol},
    publisher={Springer-Verlag, New York},
    isbn={0-387-90163-9},
    volume={329},
    year={1976},
    school={California Institute of Technology}
}

@book{Titchmarsh1986,
    title={The Theory of the Riemann Zeta-Function},
    edition={Second},
    author={E. C. Titchmarsh},
    publisher={Clarendon Press, Oxford},
    volume={406},
    year={1986},
    school={University of Oxford}
}

@book{Ahlfors1966,
    title={Complex Analysis: An introduction to the theory of analytic functions of one complex variable},
	edition={Second},
    author={Lars V. Ahlfors},
    publisher={McGraw-Hill Book Company},
    volume={313},
    year={1966},
    school={Havard University}
}

@book{Stein2003,
  title={Complex Analysis},
  author={E. M. Stein and R. Shakarchi},
  volume={379},
  year={2003},
  school={Princeton University},
  publisher={Princeton University Press}
}

@book{Franca2014,
  title={A Theory for the Zeros of Riemann Zeta and other L-functions},
  author={Guilherme Franca and LeClair Andre},
  journal={arXiv:1407.4358v1},
  year={2014},
  url={http://arxiv.org/pdf/1407.4358v1.pdf},
  school={Cornell University}
}

@book{McLachlan1953,
  title={Complex Variable Theory and Transform Calculus},
  author={N. W. McLachlan},
  year={1953},
  school={Cambridge University},
  publisher={Cambridge University Press}
}

@book{Jesacher2016,
  title={Riemann Zeta Function - The Functional Equation},
  author={F. Jesacher},
  year={2016},
  url={https://github.com/fje/Riemann-Zeta-Function-The-Functional-Equation/blob/master/Thesis.pdf},
  school={University of Vienna}
}

@book{Edwards1974,
  title={Riemann's Zeta Function},
  author={H. M. Edwards},
  year={1974},
  publisher={Academic Press, New York}
}